ISI DAFTAR PUSTAKA ANDA

@article{tyowati2017implementasi,
  title   = {Implementasi Framework Codeignter Untuk Pengembangan Website Pada Dinas Perkebunan Provinsi Kalimantan Tengah},
  author  = {Tyowati, Sulis and Irawan, Rio},
  journal = {J. SAINTEKOM},
  volume  = {7},
  number  = {1},
  pages   = {67},
  year    = {2017}
}

@article{laila2011sistem,
  title   = {Sistem informasi pengolahan data inventory pada toko buku studi CV. Aneka Ilmu semarang},
  author  = {Laila, Nur and others},
  journal = {Jurnal Teknik Elektro},
  volume  = {3},
  number  = {1},
  pages   = {16},
  year    = {2011}
}

@article{audrilia2020perancangan,
  title   = {Perancangan sistem informasi manajemen bengkel berbasis web (Studi kasus: Bengkel Anugrah)},
  author  = {Audrilia, Meri and Budiman, Arief},
  journal = {Jurnal Madani: Ilmu Pengetahuan, Teknologi, Dan Humaniora},
  volume  = {3},
  number  = {1},
  pages   = {1--12},
  year    = {2020}
}

@article{henny2020sistem,
  title   = {Sistem Informasi Manajemen Kependudukan Desa (Simkades) Berbasis Web},
  author  = {Henny, Henny},
  journal = {Simtek: jurnal sistem informasi dan teknik komputer},
  volume  = {5},
  number  = {1},
  pages   = {45--51},
  year    = {2020}
}

@article{novendri2019aplikasi,
  title   = {Aplikasi Inventaris Barang Pada Mts Nurul Islam Dumai Menggunakan Php Dan Mysql},
  author  = {Novendri, Muhammad Saed and Saputra, Ade and Firman, Chandra Eri},
  journal = {lentera dumai},
  volume  = {10},
  number  = {2},
  year    = {2019}
}

@article{sweden2022rancang,
  title   = {Rancang Bangun Sistem Informasi Manajemen Layanan Laboratorium Berdasarkan Standar ISO 9126},
  author  = {Sweden, I Nengah and Pemayun, Anak Agung Gede Maharta and Wibawa, Kadek Suar and Prayoga, I Kadek Dwi Yatna and Putra, I Dewa Made Laksana and Frangginie, Ni Luh Gede Midya},
  journal = {TEMATIK},
  volume  = {9},
  number  = {2},
  pages   = {108--118},
  year    = {2022}
}

@article{priyanti2013sistem,
  title   = {Sistem Informasi Data Penduduk Pada Desa Bogoharjo Keccamatan Ngadirojo Kabupaten Pacitan},
  author  = {Priyanti, Dwi and Iriani, Siska},
  journal = {Indonesian Journal of Networking and Security (IJNS)},
  volume  = {2},
  number  = {4},
  year    = {2013}
}

@article{pakpahan2020sistem,
  title   = {Sistem Informasi Pengelolaan Dana Desa Pada Desa Hilizoliga Berbasis Web},
  author  = {Pakpahan, Sorang and Fa{\^a}, Aventinus and others},
  journal = {Jurnal Teknik Informatika UNIKA Santo Thomas},
  pages   = {109--117},
  year    = {2020}
}

@article{Cowls2021ADB,
  title   = {A definition, benchmark and database of AI for social good initiatives},
  author  = {Josh Cowls and Andreas Tsamados and Mariarosaria Taddeo and L. Floridi},
  journal = {Nature Machine Intelligence},
  year    = {2021},
  volume  = {3},
  pages   = {111 - 115},
  url     = {https://api.semanticscholar.org/CorpusID:233940459}
}

@article{Fadllullah2022PengembanganSI,
  title   = {Pengembangan Sistem Informasi Manajemen Kearsipan Surat Menyurat Berbasis Framework Codeigniter untuk KPH-KTT},
  author  = {Arif Fadllullah and Mulyadi Mulyadi and Rochaniati Rochaniati and Farhan Muhammad Nabil},
  journal = {JATISI (Jurnal Teknik Informatika dan Sistem Informasi)},
  year    = {2022},
  url     = {https://api.semanticscholar.org/CorpusID:249829228}
}

@article{hidayah2019membangun,
  title   = {Membangun Website SMA PGRI Gunung Raya Ranau Menggunakan PHP Dan MYSQL},
  author  = {Hidayah, Abdurrahman and Yani, Ahmad and others},
  journal = {JTIM: Jurnal Teknik Informatika Mahakarya},
  volume  = {2},
  number  = {2},
  pages   = {41--52},
  year    = {2019}
}

@phdthesis{putri2013sistem,
  title  = {Sistem Informasi Inventaris Laboratorium Berbasis Web pada SMA Negeri 4 Yogyakarta},
  author = {Putri, Salamah Permadyanti},
  year   = {2013},
  school = {Universitas AMIKOM Yogyakarta}
}

@inproceedings{Yanti2021SISTEMII,
  title  = {SISTEM INFORMASI INVENTARIS BARANG DI FAKULTAS TEKNIK DAN ILMU KOMPUTER},
  author = {Yanti Yanti and Muslim Hidayat},
  year   = {2021},
  url    = {https://api.semanticscholar.org/CorpusID:236409760}
}

@article{sallaby2020perancangan,
  title   = {Perancangan Sistem Informasi Jadwal Dokter Menggunakan Framework Codeigniter},
  author  = {Sallaby, Achmad Fikri and Kanedi, Indra},
  journal = {Jurnal Media Infotama},
  volume  = {16},
  number  = {1},
  year    = {2020}
}

@article{simanullang2021sistem,
  title   = {Sistem Informasi Pendaftaran Mahasiswa Baru Menggunakan Framework Codeigniter dan Application Programming Interface},
  author  = {Simanullang, Harlen Gilbert and Silalahi, Arina Prima and Manalu, Darwis Robinson},
  journal = {Ultima InfoSys: Jurnal Ilmu Sistem Informasi},
  volume  = {12},
  number  = {1},
  pages   = {67--73},
  year    = {2021}
}

@article{hamonangan2021perancangan,
  title   = {Perancangan Sistem Kepegawaian (Human Resource Management) Berbasis Web Menggunakan Framework Codeigniter di Rumah Sakit Advent Bandar Lampung},
  author  = {Hamonangan, Joseph},
  journal = {TeIKa},
  volume  = {11},
  number  = {2},
  pages   = {153--165},
  year    = {2021}
}

@article{huda2022implementasi,
  title     = {Implementasi Sistem Informasi Inventaris Barang pada PT. PLN (Persero) Palembang},
  author    = {Huda, Nurul and Rahayu, Amalia and others},
  journal   = {Implementasi Sistem Informasi Inventaris Barang pada PT. PLN (Persero) Palembang},
  year      = {2022},
  publisher = {Universitas Bina Darma}
}

@article{nugraha2014analisa,
  title   = {Analisa dan perancangan sistem informasi perpustakaan},
  author  = {Nugraha, Fajar},
  journal = {Simetris: Jurnal Teknik Mesin, Elektro dan Ilmu Komputer},
  volume  = {5},
  number  = {1},
  pages   = {27--32},
  year    = {2014}
}

@article{php2001php,
  title   = {PHP: Hypertext preprocessor},
  author  = {PHP Group and others},
  journal = {http://jp. php. net/},
  year    = {2001}
}

@article{kelvin2022sistem,
  title   = {Sistem Informasi Inventaris Berbasis Qr-Code Dengan Metode Rapid Application Development},
  author  = {Kelvin, Kelvin and Amalia, Rahayu},
  journal = {Journal of Information System Research (JOSH)},
  volume  = {4},
  number  = {1},
  pages   = {111--116},
  year    = {2022}
}

@online{lab-si-website,
  title  = {Laboratorium Sistem Informasi UIN Suska Riau},
  author = {{Ahsyar}},
  year   = {2023},
  url    = {https://lab-si.uin-suska.ac.id},
  note   = {Akses Tanggal: 14 Oktober 2023}
}

@article{firdaus2020rancang,
  title   = {Rancang Bangun Sistem Informasi Arsip Berbasis Web Menggunakan Framework Codeigniter},
  author  = {Firdaus, Novemli and Irfan, Dedy},
  journal = {Voteteknika (Vocational Teknik Elektronika Dan Informatika)},
  volume  = {8},
  number  = {1},
  pages   = {44--52},
  year    = {2020}
}

@article{rahman2018perancangan,
  title   = {Perancangan E-Learning Berbasis Web Menggunakan Framework Codeigniter},
  author  = {Rahman, Fathur and Ratna, Silvia},
  journal = {Technologia: Jurnal Ilmiah},
  volume  = {9},
  number  = {2},
  pages   = {95--100},
  year    = {2018}
}